<?xml version="1.0" encoding="UTF-8"?><collection xmlns="http://www.loc.gov/MARC21/slim"><record><leader>00350nam--2200133-i-4500</leader><controlfield tag="001">000015030</controlfield><controlfield tag="002">20161230</controlfield><controlfield tag="005">20161230201031</controlfield><controlfield tag="008">060222s1000------------r-----000-0-eng-d</controlfield><datafield ind1=" " ind2=" " tag="080"><subfield code="a">623:531</subfield></datafield><datafield ind1=" " ind2=" " tag="100"><subfield code="a">Andreescu, D.St.Si Nita, M.M</subfield></datafield><datafield ind1=" " ind2=" " tag="245"><subfield code="a">Zborul rachetei. nedirijate si dirijate</subfield></datafield><datafield ind1=" " ind2=" " tag="260"><subfield code="a">Bucuresti, Editura Minerva, 1964 502 P</subfield></datafield><datafield ind1=" " ind2=" " tag="852"><subfield code="a">9772</subfield></datafield></record></collection>